@article{maletinsky2012robust,
  title={A robust scanning diamond sensor for nanoscale imaging with single nitrogen-vacancy centres},
  author={Maletinsky, Patrick and Hong, Sungkun and Grinolds, Michael Sean and Hausmann, Birgit and Lukin, Mikhail D and Walsworth, Ronald L and Loncar, Marko and Yacoby, Amir},
  journal={Nature nanotechnology},
  volume={7},
  number={5},
  pages={320--324},
  year={2012},
  publisher={Nature Publishing Group}
}

@incollection{zaitsev2001optical,
  title={Optical Properties of Diamonds},
  author={Zaitsev, AM},
  booktitle={A Data Handbook},
  pages={502},
  year={2001},
  publisher={Springer-Verlag Berlin}
}

@article{hauf2011chemical,
  title={Chemical control of the charge state of nitrogen-vacancy centers in diamond},
  author={Hauf, MV and Grotz, B and Naydenov, B and Dankerl, M and Pezzagna, S and Meijer, J and Jelezko, F and Wrachtrup, J and Stutzmann, M and Reinhard, F and others},
  journal={Physical Review B},
  volume={83},
  number={8},
  pages={081304},
  year={2011},
  publisher={APS}
}


@article{wu2016diamond,
  title={Diamond quantum devices in biology},
  author={Wu, Yuzhou and Jelezko, Fedor and Plenio, Martin B and Weil, Tanja},
  journal={Angewandte Chemie International Edition},
  volume={55},
  number={23},
  pages={6586--6598},
  year={2016},
  publisher={Wiley Online Library}
}

@article{schirhagl2014nitrogen,
  title={Nitrogen-vacancy centers in diamond: nanoscale sensors for physics and biology},
  author={Schirhagl, Romana and Chang, Kevin and Loretz, Michael and Degen, Christian L},
  journal={Annual review of physical chemistry},
  volume={65},
  pages={83--105},
  year={2014},
  publisher={Annual Reviews}
}


@article{balasubramanian2008nanoscale,
  title={Nanoscale imaging magnetometry with diamond spins under ambient conditions},
  author={Balasubramanian, Gopalakrishnan and Chan, IY and Kolesov, Roman and Al-Hmoud, Mohannad and Tisler, Julia and Shin, Chang and Kim, Changdong and Wojcik, Aleksander and Hemmer, Philip R and Krueger, Anke and others},
  journal={Nature},
  volume={455},
  number={7213},
  pages={648--651},
  year={2008},
  publisher={Nature Publishing Group}
}


@article{maletinsky2012robust,
  title={A robust scanning diamond sensor for nanoscale imaging with single nitrogen-vacancy centres},
  author={Maletinsky, Patrick and Hong, Sungkun and Grinolds, Michael Sean and Hausmann, Birgit and Lukin, Mikhail D and Walsworth, Ronald L and Loncar, Marko and Yacoby, Amir},
  journal={Nature nanotechnology},
  volume={7},
  number={5},
  pages={320--324},
  year={2012},
  publisher={Nature Publishing Group}
}

@article{doherty2013nitrogen,
  title={The nitrogen-vacancy colour centre in diamond},
  author={Doherty, Marcus W and Manson, Neil B and Delaney, Paul and Jelezko, Fedor and Wrachtrup, J{\"o}rg and Hollenberg, Lloyd CL},
  journal={Physics Reports},
  volume={528},
  number={1},
  pages={1--45},
  year={2013},
  publisher={Elsevier}
}

@article{haberle2013high,
  title={High-dynamic-range imaging of nanoscale magnetic fields using optimal control of a single qubit},
  author={H{\"a}berle, Thomas and Schmid-Lorch, Dominik and Karrai, Khaled and Reinhard, Friedemann and Wrachtrup, J{\"o}rg},
  journal={Physical review letters},
  volume={111},
  number={17},
  pages={170801},
  year={2013},
  publisher={APS}
}

@article{maertz2010vector,
  title={Vector magnetic field microscopy using nitrogen vacancy centers in diamond},
  author={Maertz, BJ and Wijnheijmer, AP and Fuchs, GD and Nowakowski, ME and Awschalom, DD},
  journal={Applied Physics Letters},
  volume={96},
  number={9},
  pages={092504},
  year={2010},
  publisher={AIP}
}

@article{schoenfeld2011real,
  title={Real time magnetic field sensing and imaging using a single spin in diamond},
  author={Schoenfeld, Rolf Simon and Harneit, Wolfgang},
  journal={Physical review letters},
  volume={106},
  number={3},
  pages={030802},
  year={2011},
  publisher={APS}
}


@article{acosta2010broadband,
  title={Broadband magnetometry by infrared-absorption detection of nitrogen-vacancy ensembles in diamond},
  author={Acosta, VM and Bauch, E and Jarmola, A and Zipp, LJ and Ledbetter, MP and Budker, D},
  journal={Applied Physics Letters},
  volume={97},
  number={17},
  pages={174104},
  year={2010},
  publisher={AIP}
}


@article{maze2008nanoscale,
  title={Nanoscale magnetic sensing with an individual electronic spin in diamond},
  author={Maze, JR and Stanwix, PL and Hodges, JS and Hong, S and Taylor, JM and Cappellaro, P and Jiang, L and Dutt, MV Gurudev and Togan, E and Zibrov, AS and others},
  journal={Nature},
  volume={455},
  number={7213},
  pages={644--647},
  year={2008},
  publisher={Nature Publishing Group}
}

@article{steinert2013magnetic,
  title={Magnetic spin imaging under ambient conditions with sub-cellular resolution},
  author={Steinert, S and Ziem, F and Hall, LT and Zappe, A and Schweikert, M and G{\"o}tz, N and Aird, A and Balasubramanian, G and Hollenberg, L and Wrachtrup, J},
  journal={Nature communications},
  volume={4},
  pages={1607},
  year={2013},
  publisher={Nature Research}
}


@article{acosta2010temperature,
  title={Temperature dependence of the nitrogen-vacancy magnetic resonance in diamond},
  author={Acosta, VM and Bauch, E and Ledbetter, MP and Waxman, A and Bouchard, L-S and Budker, D},
  journal={Physical review letters},
  volume={104},
  number={7},
  pages={070801},
  year={2010},
  publisher={APS}
}

@article{toyli2013fluorescence,
  title={Fluorescence thermometry enhanced by the quantum coherence of single spins in diamond},
  author={Toyli, David M and Charles, F and Christle, David J and Dobrovitski, Viatcheslav V and Awschalom, David D},
  journal={Proceedings of the National Academy of Sciences},
  volume={110},
  number={21},
  pages={8417--8421},
  year={2013},
  publisher={National Acad Sciences}
}

@article{kucsko2013nanometre,
  title={Nanometre-scale thermometry in a living cell},
  author={Kucsko, Georg and Maurer, PC and Yao, Norman Ying and Kubo, MICHAEL and Noh, HJ and Lo, PK and Park, Hongkun and Lukin, Mikhail D},
  journal={Nature},
  volume={500},
  number={7460},
  pages={54--58},
  year={2013},
  publisher={Nature Publishing Group}
}

@article{neumann2013high,
  title={High-precision nanoscale temperature sensing using single defects in diamond},
  author={Neumann, Philipp and Jakobi, Ingmar and Dolde, Florian and Burk, Christian and Reuter, Rolf and Waldherr, Gerald and Honert, Jan and Wolf, Thomas and Brunner, Andreas and Shim, Jeong Hyun and others},
  journal={Nano letters},
  volume={13},
  number={6},
  pages={2738--2742},
  year={2013},
  publisher={ACS Publications}
}


@article{doherty2014electronic,
  title={Electronic properties and metrology applications of the diamond NV- center under pressure},
  author={Doherty, Marcus W and Struzhkin, Viktor V and Simpson, David A and McGuinness, Liam P and Meng, Yufei and Stacey, Alastair and Karle, Timothy J and Hemley, Russell J and Manson, Neil B and Hollenberg, Lloyd CL and others},
  journal={Physical review letters},
  volume={112},
  number={4},
  pages={047601},
  year={2014},
  publisher={APS}
}



